@article {TOPS:TOPS1109,
author = {Hinton, Geoffrey and Salakhutdinov, Ruslan},
title = {Discovering Binary Codes for Documents by Learning Deep Generative Models},
journal = {Topics in Cognitive Science},
volume = {3},
number = {1},
publisher = {Blackwell Publishing Ltd},
issn = {1756-8765},
url = {http://dx.doi.org/10.1111/j.1756-8765.2010.01109.x},
doi = {10.1111/j.1756-8765.2010.01109.x},
pages = {74--91},
keywords = {Deep learning, Semantic hashing, Auto-encoders, Restricted Boltzmann machines, Document retrieval, Binary codes},
year = {2011},
}
