@incollection{
year={2007},
isbn={978-3-540-74824-3},
booktitle={Advances in Intelligent Data Analysis VII},
volume={4723},
series={Lecture Notes in Computer Science},
editor={R. Berthold, Michael and Shawe-Taylor, John and Lavrač, Nada},
doi={10.1007/978-3-540-74825-0_27},
title={Does SVM Really Scale Up to Large Bag of Words Feature Spaces?},
url={http://dx.doi.org/10.1007/978-3-540-74825-0_27},
publisher={Springer Berlin Heidelberg},
author={Colas, Fabrice and Paclík, Pavel and Kok, JoostN. and Brazdil, Pavel},
pages={296-307},
language={English}
}
