@inproceedings{Wallach:2006:TMB:1143844.1143967,
 author = {Wallach, Hanna M.},
 title = {Topic Modeling: Beyond Bag-of-words},
 booktitle = {Proceedings of the 23rd International Conference on Machine Learning},
 series = {ICML '06},
 year = {2006},
 isbn = {1-59593-383-2},
 location = {Pittsburgh, Pennsylvania, USA},
 pages = {977--984},
 numpages = {8},
 url = {http://doi.acm.org/10.1145/1143844.1143967},
 doi = {10.1145/1143844.1143967},
 acmid = {1143967},
 publisher = {ACM},
 address = {New York, NY, USA},
}