@inproceedings{Ranzato:2008:SLC:1390156.1390256,
 author = {Ranzato, Marc' Aurelio and Szummer, Martin},
 title = {Semi-supervised Learning of Compact Document Representations with Deep Networks},
 booktitle = {Proceedings of the 25th International Conference on Machine Learning},
 series = {ICML '08},
 year = {2008},
 isbn = {978-1-60558-205-4},
 location = {Helsinki, Finland},
 pages = {792--799},
 numpages = {8},
 url = {http://doi.acm.org/10.1145/1390156.1390256},
 doi = {10.1145/1390156.1390256},
 acmid = {1390256},
 publisher = {ACM},
 address = {New York, NY, USA},
}