@inproceedings{Larochelle:2008:CUD:1390156.1390224,
 author = {Larochelle, Hugo and Bengio, Yoshua},
 title = {Classification Using Discriminative Restricted Boltzmann Machines},
 booktitle = {Proceedings of the 25th International Conference on Machine Learning},
 series = {ICML '08},
 year = {2008},
 isbn = {978-1-60558-205-4},
 location = {Helsinki, Finland},
 pages = {536--543},
 numpages = {8},
 url = {http://doi.acm.org/10.1145/1390156.1390224},
 doi = {10.1145/1390156.1390224},
 acmid = {1390224},
 publisher = {ACM},
 address = {New York, NY, USA},
}