@article{DBLP:journals/corr/abs-1206-4683,
  author    = {Minmin Chen and
               Zhixiang Eddie Xu and
               Kilian Q. Weinberger and
               Fei Sha},
  title     = {Marginalized Denoising Autoencoders for Domain Adaptation},
  journal   = {CoRR},
  volume    = {abs/1206.4683},
  year      = {2012},
  url       = {http://arxiv.org/abs/1206.4683},
  timestamp = {Wed, 10 Oct 2012 21:28:53 +0200},
  biburl    = {http://dblp.uni-trier.de/rec/bib/journals/corr/abs-1206-4683},
  bibsource = {dblp computer science bibliography, http://dblp.org}
}

