@article{DBLP:journals/corr/abs-0902-2206,
  author    = {Kilian Q. Weinberger and
               Anirban Dasgupta and
               Josh Attenberg and
               John Langford and
               Alexander J. Smola},
  title     = {Feature Hashing for Large Scale Multitask Learning},
  journal   = {CoRR},
  volume    = {abs/0902.2206},
  year      = {2009},
  url       = {http://arxiv.org/abs/0902.2206},
  timestamp = {Thu, 07 May 2015 20:04:46 +0200},
  biburl    = {http://dblp.uni-trier.de/rec/bib/journals/corr/abs-0902-2206},
  bibsource = {dblp computer science bibliography, http://dblp.org}
}

