@INPROCEEDINGS{1467486, 
author={Fei-Fei, L. and Perona, P.}, 
booktitle={Computer Vision and Pattern Recognition, 2005. CVPR 2005. IEEE Computer Society Conference on}, 
title={A Bayesian hierarchical model for learning natural scene categories}, 
year={2005}, 
month={June}, 
volume={2}, 
pages={524-531 vol. 2}, 
keywords={belief networks;image classification;image representation;natural scenes;unsupervised learning;Bayesian hierarchical model;codeword distribution;learning natural scene category;training set;unsupervised learning;Animals;Bayesian methods;Cities and towns;Dictionaries;Frequency;Histograms;Humans;Layout;Unsupervised learning;Vehicles}, 
doi={10.1109/CVPR.2005.16}, 
ISSN={1063-6919},}