@article{csurka2004visual,
  title={Visual categorization with bags of keypoints},
  author={Csurka, Gabriella and Dance, Christopher and Fan, Lixin and Willamowski, Jutta and Bray, C{\'e}dric},
  journal={Workshop on statistical learning in computer vision, ECCV},
  volume={1},
  number={1-22},
  pages={1--2},
  year={2004},
  publisher={Prague}
}
