@article{DBLP:journals/corr/LeM14,
  author    = {Quoc V. Le and
               Tomas Mikolov},
  title     = {Distributed Representations of Sentences and Documents},
  journal   = {CoRR},
  volume    = {abs/1405.4053},
  year      = {2014},
  url       = {http://arxiv.org/abs/1405.4053},
  timestamp = {Mon, 02 Jun 2014 08:30:36 +0200},
  biburl    = {http://dblp.uni-trier.de/rec/bib/journals/corr/LeM14},
  bibsource = {dblp computer science bibliography, http://dblp.org}
}

