@article{DBLP:journals/corr/MakhzaniF13,
  author    = {Alireza Makhzani and
               Brendan J. Frey},
  title     = {k-Sparse Autoencoders},
  journal   = {CoRR},
  volume    = {abs/1312.5663},
  year      = {2013},
  url       = {http://arxiv.org/abs/1312.5663},
  timestamp = {Wed, 06 May 2015 16:20:35 +0200},
  biburl    = {http://dblp.uni-trier.de/rec/bib/journals/corr/MakhzaniF13},
  bibsource = {dblp computer science bibliography, http://dblp.org}
}

