@inproceedings{dos2014deep,
  title={Deep convolutional neural networks for sentiment analysis of short texts},
  author={dos Santos, C{\i}cero Nogueira and Gatti, Ma{\i}ra}
}
