@inproceedings{wang2012end,
  title={End-to-end text recognition with convolutional neural networks},
  author={Wang, Tao and Wu, David J and Coates, Andrew and Ng, Andrew Y},
  booktitle={Pattern Recognition (ICPR), 2012 21st International Conference on},
  pages={3304--3308},
  year={2012},
  organization={IEEE}
}
