@article{DBLP:journals/corr/ZhangL15,
  author    = {Xiang Zhang and
               Yann LeCun},
  title     = {Text Understanding from Scratch},
  journal   = {CoRR},
  volume    = {abs/1502.01710},
  year      = {2015},
  url       = {http://arxiv.org/abs/1502.01710},
  timestamp = {Mon, 02 Mar 2015 14:17:34 +0100},
  biburl    = {http://dblp.uni-trier.de/rec/bib/journals/corr/ZhangL15},
  bibsource = {dblp computer science bibliography, http://dblp.org}
}

